% ********** Bibliography **********

% ****************************************
% Your bibliography should be stored here
% ****************************************

% Here you have some examples of bbliography items to be used in a thesis

@article{geo,
    author = {Andrei-Alexandru,Musat and Dan, Tudose and Ioan, Deaconu},
    title = {Geodynamics monitorization using wireless sensor networks},
    year = {2015},
    journal = {CSCS}
}

@inproceedings{voinescu2013lightweight,
  title={A lightweight, versatile gateway platform for Wireless Sensor Networks},
  author={Voinescu, Andrei and Tudose, Dan and Dragomir, Dan},
  booktitle={Networking in Education and Research, 2013 RoEduNet International Conference 12th Edition},
  pages={1--4},
  year={2013},
  organization={IEEE}
}

@misc{arduino,
  title = {Arduino},
  howpublished = {\url{https://www.arduino.cc}},
  note = {Accessed: 2016-06-05}
}

@misc{rf233,
  title = {Arduino-at86rf233},
  howpublished = {\url{https://github.com/msolters/arduino-at86rf233}},
  note = {Accessed: 2016-06-05}
}

@misc{samd21,
  title = {Atmel SAMD21 datasheet},
  howpublished = {\url{http://www.atmel.com/images/atmel-42181-sam-d21_datasheet.pdf}},
  note = {Accessed: 2016-06-05}
}

@misc{samr21,
  title = {Atmel SAMR21 datasheet},
  howpublished = {\url{www.atmel.com/Images/Atmel-42223SAM-R21_Datasheet.pdf}},
  note = {Accessed: 2016-06-05}
}

@misc{nodelist,
    title = {List of wireless nodes},
    howpublished = {\url{https://en.wikipedia.org/wiki/List_of_wireless_sensor_nodes}},
    note = {Accessed: 2016-06-20}
}

@misc{ulracap,
    title = {Ultra-capacitors},
    howpublished = {\url{http://www.maxwell.com/images/documents/Ultracapacitors_Overview_Flyer_3000615-2EN.pdf}},
    note = {Accessed: 2016-06-20}
}

@article{jurdak2011opal,
  title={Opal: A multiradio platform for high throughput wireless sensor networks},
  author={Jurdak, Raja and Klues, Kevin and Kusy, Brano and Richter, Christian and Langendoen, Koen and Br{\"u}nig, Michael},
  journal={Embedded Systems Letters, IEEE},
  volume={3},
  number={4},
  pages={121--124},
  year={2011},
  publisher={IEEE}
}

@inproceedings{piorno2009prediction,
  title={Prediction and management in energy harvested wireless sensor nodes},
  author={Piorno, Joaquin Recas and Bergonzini, Carlo and Atienza, David and Rosing, Tajana Simunic},
  booktitle={Wireless Communication, Vehicular Technology, Information Theory and Aerospace \& Electronic Systems Technology, 2009. Wireless VITAE 2009. 1st International Conference on},
  pages={6--10},
  year={2009},
  organization={IEEE}
}


@article{ozel2011transmission,
  title={Transmission with energy harvesting nodes in fading wireless channels: Optimal policies},
  author={Ozel, Omur and Tutuncuoglu, Kaya and Yang, Jing and Ulukus, Sennur and Yener, Aylin},
  journal={Selected Areas in Communications, IEEE Journal on},
  volume={29},
  number={8},
  pages={1732--1743},
  year={2011},
  publisher={IEEE}
}

@article{huang2013utility,
  title={Utility optimal scheduling in energy-harvesting networks},
  author={Huang, Longbo and Neely, Michael J},
  journal={IEEE/ACM Transactions on Networking (TON)},
  volume={21},
  number={4},
  pages={1117--1130},
  year={2013},
  publisher={IEEE Press}
}
@article{ozel2012optimal,
  title={Optimal broadcast scheduling for an energy harvesting rechargeable transmitter with a finite capacity battery},
  author={Ozel, Omur and Yang, Jing and Ulukus, Sennur},
  journal={Wireless Communications, IEEE Transactions on},
  volume={11},
  number={6},
  pages={2193--2203},
  year={2012},
  publisher={IEEE}
}

@article{wang2015iterative,
  title={Iterative dynamic water-filling for fading multiple-access channels with energy harvesting},
  author={Wang, Zhe and Aggarwal, Vaneet and Wang, Xiaodong},
  journal={Selected Areas in Communications, IEEE Journal on},
  volume={33},
  number={3},
  pages={382--395},
  year={2015},
  publisher={IEEE}
}

@inproceedings{aoudia2016fuzzy,
  title={Fuzzy Power Management for Energy Harvesting Wireless Sensor Nodes},
  author={Aoudia, Faycal Ait and Gautier, Matthieu and Berder, Olivier},
  booktitle={IEEE International Conference on Communications (ICC16)},
  year={2016}
}

@article{yang2012optimal,
  title={Optimal packet scheduling in a multiple access channel with energy harvesting transmitters},
  author={Yang, Jing and Ulukus, Sennur},
  journal={Communications and Networks, Journal of},
  volume={14},
  number={2},
  pages={140--150},
  year={2012},
  publisher={IEEE}
}










@article{parrot2012drone,
  title={Drone},
  author={Parrot, AR},
  journal={Available: ardrone.parrot.com},
  volume={75},
  year={2012}
}

@article{erman2008enabling,
  title={Enabling mobility in heterogeneous wireless sensor networks cooperating with UAVs for mission-critical management},
  author={Erman, Ayseg{\"u}l T{\"u}ys{\"u}z and Hoesel, LV and Havinga, Paul and Wu, Jian},
  journal={Wireless Communications, IEEE},
  volume={15},
  number={6},
  pages={38--46},
  year={2008},
  publisher={IEEE}
}

@inproceedings{ollero2007aware,
  title={Aware: Platform for autonomous self-deploying and operation of wireless sensor-actuator networks cooperating with unmanned aerial vehicles},
  author={Ollero, Anibal and Bernard, Markus and La Civita, Marco and van Hoesel, Lodewijk and Marron, Pedro J and Lepley, Jason and de Andres, Eduardo},
  booktitle={Safety, Security and Rescue Robotics, 2007. SSRR 2007. IEEE International Workshop on},
  pages={1--6},
  year={2007},
  organization={IEEE}
}

@article{valente2011air,
  title={An air-ground wireless sensor network for crop monitoring},
  author={Valente, Jo{\~a}o and Sanz, David and Barrientos, Antonio and Cerro, Jaime del and Ribeiro, {\'A}ngela and Rossi, Claudio},
  journal={Sensors},
  volume={11},
  number={6},
  pages={6088--6108},
  year={2011},
  publisher={Molecular Diversity Preservation International}
}

@misc{json,
  title = {{Json Standard}},
  howpublished = "\url{http://www.json.org/xml.html}"
}

@inproceedings{arampatzis2005survey,
  title={A survey of applications of wireless sensors and wireless sensor networks},
  author={Arampatzis, Th and Lygeros, John and Manesis, S},
  booktitle={Intelligent Control, 2005. Proceedings of the 2005 IEEE International Symposium on, Mediterrean Conference on Control and Automation},
  pages={719--724},
  year={2005},
  organization={IEEE}
}

@misc{parrot_drone,
  title = {{Parrot Drone}},
  howpublished = "\url{http://img.clubic.com/04862120-photo-parrot-ar-drone-2-0.jpg}"
}

@misc{parrotpopular,
	author = {ALEX BRACETTI},
  title = {{The 10 Best Drones You Can Buy Right Now}},
	month = mar,
	year = {2013},
  howpublished = "\url{http://www.complex.com/pop-culture/2013/03/10-cool-drones-you-can-buy-right-now/parrot-ardrone-20}"
}
@inproceedings{savarese2001location,
  title={Location in distributed ad-hoc wireless sensor networks},
  author={Savarese, Chris and Rabaey, Jan M and Beutel, Jan},
  booktitle={Acoustics, Speech, and Signal Processing, 2001. Proceedings.(ICASSP'01). 2001 IEEE International Conference on},
  volume={4},
  pages={2037--2040},
  year={2001},
  organization={IEEE}
}

@misc {cdcacm,
 title = {{USB ACM}},
	month = mar,
	year = {2010},
 howpublished = "\url{http://wiki.openmoko.org/wiki/CDC_ACM}"
}

@article{teh2008experiments,
  title={Experiments in integrating autonomous uninhabited aerial vehicles (UAVs) and wireless sensor networks},
  author={Teh, Steven K and Mejias, Luis and Corke, Peter and Hu, Wen},
  year={2008},
  publisher={The Australian Robotics and Automation Association Inc.}
}
@misc{atmegafa,
title = {Atmega128RFA1 Datasheet},
 howpublished = "\url{http://www.atmel.com/Images/doc8266.pdf}"
}
@article{akyildiz2002wireless,
  title={Wireless sensor networks: a survey},
  author={Akyildiz, Ian F and Su, Weilian and Sankarasubramaniam, Yogesh and Cayirci, Erdal},
  journal={Computer networks},
  volume={38},
  number={4},
  pages={393--422},
  year={2002},
  publisher={Elsevier}
}

@article{cardei2005improving,
  title={Improving wireless sensor network lifetime through power aware organization},
  author={Cardei, Mihaela and Du, Ding-Zhu},
  journal={Wireless Networks},
  volume={11},
  number={3},
  pages={333--340},
  year={2005},
  publisher={Springer-Verlag New York, Inc.}
}

@inproceedings{baggio2005wireless,
  title={Wireless sensor networks in precision agriculture},
  author={Baggio, Aline},
  booktitle={ACM Workshop on Real-World Wireless Sensor Networks (REALWSN 2005), Stockholm, Sweden},
  year={2005}
}
% ********** End of bibliography **********
