% temporary bib item; useful for marking down future citations
@misc{TODO,
	title = {{TODO}}
}

@article{geo,
    author = {Andrei-Alexandru,Musat and Dan, Tudose and Ioan, Deaconu},
    title = {Geodynamics monitorization using wireless sensor networks},
    year = {2015},
    journal = {CSCS}
}

@inproceedings{voinescu2013lightweight,
  title={A lightweight, versatile gateway platform for Wireless Sensor Networks},
  author={Voinescu, Andrei and Tudose, Dan and Dragomir, Dan},
  booktitle={Networking in Education and Research, 2013 RoEduNet International Conference 12th Edition},
  pages={1--4},
  year={2013},
  organization={IEEE}
}

@misc{arduino,
  title = {Arduino},
  howpublished = {\url{https://www.arduino.cc}},
  note = {Accessed: 2016-06-05}
}

@misc{rf233,
  title = {Arduino-at86rf233},
  howpublished = {\url{https://github.com/msolters/arduino-at86rf233}},
  note = {Accessed: 2016-06-05}
}

@misc{samd21,
  title = {Atmel SAMD21 datasheet},
  howpublished = {\url{http://www.atmel.com/images/atmel-42181-sam-d21_datasheet.pdf}},
  note = {Accessed: 2016-06-05}
}

@misc{samr21,
  title = {Atmel SAMR21 datasheet},
  howpublished = {\url{http://www.atmel.com/Images/Atmel-42223%E2%80%93SAM-R21_Datasheet.pdf}},
  note = {Accessed: 2016-06-05}
}

